@article{SF18,
	author = {Stol, Klaas-Jan and Fitzgerald, Brian},
	title = {The {ABC} of Software Engineering Research},
	journal = {ACM Transactions on Software Engineering Methodology},
	issue_date = {October 2018},
	volume = {27},
	number = {3},
	month = sep,
	year = {2018},
	issn = {1049-331X},
	pages = {11:1--11:51},
	articleno = {11},
	numpages = {51},
	doi = {10.1145/3241743},
	acmid = {3241743},
	publisher = {ACM},
	address = {New York, NY, USA},
}

% 1
@article{hirsch2005index,
  title={An index to quantify an individual's scientific research output},
  author={Hirsch, Jorge E},
  journal={Proceedings of the National Academy of Sciences},
  volume={102},
  number={46},
  pages={16569--16572},
  year={2005}
}

% 2
@article{schreiber2008share,
  title={To share the fame in a fair way, h\_m for multi-authored manuscripts},
  author={Schreiber, Michael},
  journal={New Journal of Physics},
  volume={10},
  number={4},
  pages={040201},
  year={2008}
}

% 3
@article{bornmann2007what,
  title={What do we know about the h-index?},
  author={Bornmann, Lutz and Daniel, Hans-Dieter},
  journal={Journal of the American Society for Information Science and Technology},
  volume={58},
  number={9},
  pages={1381--1385},
  year={2007}
}

% 4
@article{egghe2006theory,
  title={Theory and practise of the g-index},
  author={Egghe, Leo},
  journal={Scientometrics},
  volume={69},
  number={1},
  pages={131--152},
  year={2006}
}

% 5
@article{costas2007h,
  title={The h-index: Advantages, limitations and its relation with other bibliometric indicators at the micro level},
  author={Costas, Rodrigo and Bordons, Mar{\'\i}a},
  journal={Journal of Informetrics},
  volume={1},
  number={3},
  pages={193--203},
  year={2007}
}

% 6 
@article{waltman2012inconsistency,
  title={The inconsistency of the h-index},
  author={Waltman, Ludo and Van Eck, Nees Jan},
  journal={Journal of the American Society for Information Science and Technology},
  volume={63},
  number={2},
  pages={406--415},
  year={2012}
}

% 7
@article{leydesdorff2011turning,
  title={Turning the tables on citation analysis one more time: Principles for comparing sets of documents},
  author={Leydesdorff, Loet and Bornmann, Lutz and Mutz, R{\"u}diger and Opthof, Tobias},
  journal={Journal of the American Society for Information Science and Technology},
  volume={62},
  number={7},
  pages={1370--1381},
  year={2011}
}

% 8
@book{harzing2010publish,
  title={The publish or perish book},
  author={Harzing, Anne-Wil},
  year={2010},
  publisher={Tarma Software Research Pty Ltd}
}

% 9
@article{tonta2020monetary,
  title={Does monetary support increase citation impact of scholarly papers?},
  author={Tonta, Yaşar and Akbulut, Merve},
  journal={Scientometrics},
  volume={125},
  number={2},
  pages={1617--1641},
  year={2020}
}

% 10
@article{norris2010h,
  title={The h-index: A broad review of a new bibliometric indicator},
  author={Norris, Michael and Oppenheim, Charles},
  journal={Journal of Documentation},
  volume={66},
  number={5},
  pages={681--705},
  year={2010}
}

% 11
@article{egghe2010hirsch,
  title={The Hirsch index and related impact measures},
  author={Egghe, Leo},
  journal={Annual Review of Information Science and Technology},
  volume={44},
  number={1},
  pages={65--114},
  year={2010}
}

% 12
@article{hirsch2014meaning,
  title={The meaning of the h-index},
  author={Hirsch, Jorge E and Buela-Casal, Gualberto},
  journal={International Journal of Clinical and Health Psychology},
  volume={14},
  number={2},
  pages={161--164},
  year={2014}
}

% 13
@article{bornmann2009state,
  title={The state of h index research: Is the h index the ideal way to measure research performance?},
  author={Bornmann, Lutz and Daniel, Hans-Dieter},
  journal={EMBO Reports},
  volume={10},
  number={1},
  pages={2--6},
  year={2009}
}

% 14
@article{koltun2021h,
  title={The h-index is no longer an effective correlate of scientific reputation},
  author={Koltun, Vladlen and Hafner, David},
  journal={PloS One},
  volume={16},
  number={6},
  pages={e0253397},
  year={2021}
}

% 15
@article{bartneck2011detecting,
  title={Detecting h-index manipulation through self-citation analysis},
  author={Bartneck, Christoph and Kokkelmans, Servaas},
  journal={Scientometrics},
  volume={87},
  number={1},
  pages={85--98},
  year={2011},
  publisher={Springer}
}

% 16
@article{egghe2008mathematical,
  title={Mathematical theory of the h-and g-index in case of fractional counting of authorship},
  author={Egghe, Leo},
  journal={Journal of the American Society for Information Science and Technology},
  volume={59},
  number={10},
  pages={1608--1616},
  year={2008}
}

% 17
@article{bihari2018h,
  title={h-index and its alternative: A Review},
  author={Bihari, Amit and Tripathi, Santosh and Deepak, Amit},
  journal={arXiv preprint arXiv:1811.03308},
  year={2018}
}

% 18
@article{singhal2023analysis,
  title={Analysis of h-index for research awards},
  author={Singhal, Ananya and Karlapalem, Kamal},
  journal={arXiv preprint arXiv:2305.03364},
  year={2023}
}

% 19
@inproceedings{singhal2023hp,
  title={hp-frac: An index to determine Awarded Researchers},
  author={Singhal, Ananya and Karlapalem, Kamal},
  booktitle={Companion Proceedings of the ACM Web Conference 2023},
  pages={813--819},
  year={2023}
}

% 20
@article{egghe2011single,
  title={The single publication H-index of papers in the Hirsch-core of a researcher and the indirect H-index},
  author={Egghe, Leo},
  journal={Scientometrics},
  volume={89},
  number={3},
  pages={727--739},
  year={2011},
  publisher={Springer}
}

% 21
@article{egghe2006improvement,
  title={An improvement of the h-index: The g-index},
  author={Egghe, Leo},
  journal={ISSI newsletter},
  volume={2},
  number={1},
  pages={8--9},
  year={2006}
}

% 22
@article{dorogovtsev2015ranking,
  title={Ranking scientists},
  author={Dorogovtsev, Sergey and Mendes, Jose},
  journal={Nature Phys},
  volume={11},
  pages={882--883},
  year={2015},
  publisher={Nature Publishing Group}
}

% 23
@article{mikhailov2014new,
  title={A new version of the Hirsh index: The j-index},
  author={Mikhailov, O.V.E.},
  journal={Herald of the Russian Academy of Sciences},
  volume={84},
  number={3},
  pages={217--220},
  year={2014},
  publisher={Springer}
}

% 24
@article{zhivotovsky2008self,
  title={Self-citation can inflate h-index},
  author={Zhivotovsky, Lev and Krutovsky, Konstantin},
  journal={Scientometrics},
  volume={77},
  number={2},
  pages={373--375},
  year={2008},
  publisher={Springer}
}

% 25
@article{bornmann2011multilevel,
  title={A multilevel meta-analysis of studies reporting correlations between the h index and 37 different h index variants},
  author={Bornmann, Lutz and Mutz, R{\"u}diger and Hug, Sven E and Daniel, Hans-Dieter},
  journal={Journal of Informetrics},
  volume={5},
  number={3},
  pages={346--359},
  year={2011}
}

% 26
@article{bornmann2008are,
  title={Are there better indices for evaluation purposes than the h index? A comparison of nine different variants of the h index using data from biomedicine},
  author={Bornmann, Lutz and Mutz, R{\"u}diger and Daniel, Hans-Dieter},
  journal={Journal of the American Society for Information Science and technology},
  volume={59},
  number={5},
  pages={830--837},
  year={2008}
}

% 27
@article{petersen2019methods,
  title={Methods to account for citation inflation in research evaluation},
  author={Petersen, Alexander M and Pan, Raj Kumar and Pammolli, Fabio and Fortunato, Santo},
  journal={Research Policy},
  volume={48},
  number={7},
  pages={1855--1865},
  year={2019}
}

% 28
@article{bi2023four,
  title={Four problems of the h-index for assessing the research productivity and impact of individual authors},
  author={Bi, Han-Hui},
  journal={Scientometrics},
  volume={128},
  number={5},
  pages={2677--2691},
  year={2023}
}

% 29
@article{garfield1999journal,
  title={Journal impact factor: a brief review},
  author={Garfield, Eugene},
  journal={Cmaj},
  volume={161},
  number={8},
  pages={979--980},
  year={1999}
}

% 30
@article{garfield2006history,
  title={The history and meaning of the journal impact factor},
  author={Garfield, Eugene},
  journal={Jama},
  volume={295},
  number={1},
  pages={90--93},
  year={2006}
}


% 31
@article{Spi23g,
	title = {Open Reproducible Scientometric Research with {A}lexandria3k},
	author = {Diomidis Spinellis},
	journal = {PLoS ONE},
	publisher = {Public Library of Science},
	year = 2023,
	ISSN="1932-6203",
	month = nov,
	volume = 18,
	number = 11,
	pages = {e0294946},
	doi = {10.1371/journal.pone.0294946},
	oa = 1,
}

% 32
@article{Crossref2020,
    author = {Hendricks, Ginny and Tkaczyk, Dominika and Lin, Jennifer and Feeney, Patricia},
    title = "{Crossref: The sustainable source of community-owned scholarly metadata}",
    journal = {Quantitative Science Studies},
    volume = {1},
    number = {1},
    pages = {414-427},
    year = {2020},
    month = {02},
    abstract = "{This paper describes the scholarly metadata collected and made available by Crossref, as well as its importance in the scholarly research ecosystem. Containing over 106 million records and expanding at an average rate of 11\\% a year, Crossref’s metadata has become one of the major sources of scholarly data for publishers, authors, librarians, funders, and researchers. The metadata set consists of 13 content types, including not only traditional types, such as journals and conference papers, but also data sets, reports, preprints, peer reviews, and grants. The metadata is not limited to basic publication metadata, but can also include abstracts and links to full text, funding and license information, citation links, and the information about corrections, updates, retractions, etc. This scale and breadth make Crossref a valuable source for research in scientometrics, including measuring the growth and impact of science and understanding new trends in scholarly communications. The metadata is available through a number of APIs, including REST API and OAI-PMH. In this paper, we describe the kind of metadata that Crossref provides and how it is collected and curated. We also look at Crossref’s role in the research ecosystem and trends in metadata curation over the years, including the evolution of its citation data provision. We summarize the research used in Crossref’s metadata and describe plans that will improve metadata quality and retrieval in the future.}",
    issn = {2641-3337},
    doi = {10.1162/qss_a_00022},
    url = {https://doi.org/10.1162/qss\_a\_00022},
    eprint = {https://direct.mit.edu/qss/article-pdf/1/1/414/1760913/qss\_a\_00022.pdf},
}

% 33
@misc{crossrefSubjectCodes2024,
	author = {Patrick Polischuk},
	title = {{S}ubject codes, incomplete and unreliable, have got to go - {C}rossref --- crossref.org},
	howpublished = {\url{https://www.crossref.org/blog/subject-codes-incomplete-and-unreliable-have-got-to-go/}},
	year = {2024},
  month = {03},
}


% 34
@article{codd1993providing,
  title={Providing OLAP (on-line analytical processing) to user-analysts: An IT mandate},
  author={Codd, Edgar F},
  journal={http://www. arborsoft. com/papers/coddTOC. html},
  year={1993}
}


% 35
@INPROCEEDINGS{simple-rolap,
  author={Gousios, Georgios and Spinellis, Diomidis},
  booktitle={2017 IEEE/ACM 39th International Conference on Software Engineering Companion (ICSE-C)}, 
  title={Mining Software Engineering Data from GitHub}, 
  year={2017},
  volume={},
  number={},
  pages={501-502},
  keywords={Software;Software engineering;Data mining;Collaboration;Distributed databases;Economics;Business;GitHub;GHTorrent;empirical software engineering;Git},
  doi={10.1109/ICSE-C.2017.164}}

% 36
  @ARTICLE{rdbunit,
  author={Spinellis, Diomidis},
  journal={IEEE Software}, 
  title={Unit Tests for SQL}, 
  year={2024},
  volume={41},
  number={1},
  pages={31-34},
  keywords={Structured Query Language;Operating systems;Relational databases;Task analysis;Open source software;Engines;Testing},
  doi={10.1109/MS.2023.3328788}}

